


%tucker, stable
@ARTICLE{Lathauwer00amultilinear,
    author = {Lieven De Lathauwer and Bart De Moor and Joos Vandewalle},
    title = {A multilinear singular value decomposition},
    journal = {SIAM J. Matrix Anal. Appl},
    year = {2000},
    volume = {21},
    pages = {1253--1278}
}